\begin{filecontents}{literatur.bib}


@article{Dobson_2006_SAC,
 author = {Dobson, Simon and Denazis, Spyros and Fern\'{a}ndez, Antonio and Ga\"{\i}ti, Dominique and Gelenbe, Erol and Massacci, Fabio and Nixon, Paddy and Saffre, Fabrice and Schmidt, Nikita and Zambonelli, Franco},
 title = {A Survey of Autonomic Communications},
 journal = {ACM Trans. Auton. Adapt. Syst.},
 issue_date = {December 2006},
 volume = {1},
 number = {2},
 month = dec,
 year = {2006},
 issn = {1556-4665},
 pages = {223--259},
 numpages = {37},
 url = {http://doi.acm.org/10.1145/1186778.1186782},
 doi = {10.1145/1186778.1186782},
 acmid = {1186782},
 publisher = {ACM},
 address = {New York, NY, USA},
 keywords = {Autonomic communication}
} 


\end{filecontents}




