%%% NCE %%%
@article{janssens1982graph,
	title={Graph grammars with neighbourhood-controlled embedding},
	author={Janssens, Dirk and Rozenberg, Grzegorz},
	journal={Theoretical Computer Science},
	volume={21},
	number={1},
	pages={55--74},
	year={1982},
	publisher={Elsevier}
}

%%% TGG %%%
@inproceedings{schurr1994specification,
	title={Specification of graph translators with triple graph grammars},
	author={Sch{\"u}rr, Andy},
	booktitle={International Workshop on Graph-Theoretic Concepts in Computer Science},
	pages={151--163},
	year={1994},
	organization={Springer}
}