%%% Algebraic Approach %%%
@book{ehrig1999handbook,
	title={Handbook of graph grammars and computing by graph transformation},
	author={Ehrig, Hartmut and Rozenberg, Grzegorz and Kreowski, Hans-J and Montanari, Ugo},
	volume={3},
	year={1999},
	publisher={World Scientific}
}

%%% LGG %%%
@article{rekers1997defining,
	title={Defining and parsing visual languages with layered graph grammars},
	author={Rekers, Jan and Sch{\"u}rr, Andy},
	journal={Journal of Visual Languages \& Computing},
	volume={8},
	number={1},
	pages={27--55},
	year={1997},
	publisher={Academic Press}
}
@inproceedings{bottoni2000efficient,
	title={Efficient parsing of visual languages based on critical pair analysis and contextual layered graph transformation},
	author={Bottoni, Paolo and Taentzer, Gabriele and Schurr, A},
	booktitle={Proceeding 2000 IEEE International Symposium on Visual Languages},
	pages={59--60},
	year={2000},
	organization={IEEE}
}
@inproceedings{rekers1995graph,
	title={A graph grammar approach to graphical parsing},
	author={Rekers, Jan and Schurr, A},
	booktitle={Proceedings of Symposium on Visual Languages},
	pages={195--202},
	year={1995},
	organization={IEEE}
}
@article{furst2011improving,
	title={Improving the graph grammar parser of Rekers and Sch{\"u}rr},
	author={F{\"u}rst, Luka and Mernik, Marjan and Mahni{\v{c}}, Viljan},
	journal={IET software},
	volume={5},
	number={2},
	pages={246--261},
	year={2011},
	publisher={IET}
}

%%% RGG %%%
@article{zhang2001context,
	title={A context-sensitive graph grammar formalism for the specification of visual languages},
	author={Zhang, Da-Qian and Zhang, Kang and Cao, Jiannong},
	journal={The Computer Journal},
	volume={44},
	number={3},
	pages={186--200},
	year={2001},
	publisher={Oxford University Press}
}
@inproceedings{zeng2005rgg+,
	title={RGG+: An enhancement to the reserved graph grammar formalism},
	author={Zeng, Xiaoqin and Zhang, Kang and Kong, Jun and Song, Guang-Lei},
	booktitle={2005 IEEE Symposium on Visual Languages and Human-Centric Computing},
	pages={272--274},
	year={2005},
	organization={IEEE}
}
@inproceedings{zou2017partial,
	title={Partial precedence of context-sensitive graph grammars},
	author={Zou, Yang and Zeng, Xiaoqin and Liu, Yufeng and Liu, Huiyi},
	booktitle={Proceedings of the 10th International Symposium on Visual Information Communication and Interaction},
	pages={16--23},
	year={2017},
	organization={ACM}
}


%%% TGG %%%
@inproceedings{schurr1994specification,
	title={Specification of graph translators with triple graph grammars},
	author={Sch{\"u}rr, Andy},
	booktitle={International Workshop on Graph-Theoretic Concepts in Computer Science},
	pages={151--163},
	year={1994},
	organization={Springer}
}
@article{anjorin201620,
	title={20 Years of Triple Graph Grammars: A Roadmap for Future Research},
	author={Anjorin, Anthony and Leblebici, Erhan and Sch{\"u}rr, Andy},
	journal={Electronic Communications of the EASST},
	volume={73},
	year={2016}
}
@incollection{klar2010extended,
	title={Extended triple graph grammars with efficient and compatible graph translators},
	author={Klar, Felix and Lauder, Marius and K{\"o}nigs, Alexander and Sch{\"u}rr, Andy},
	booktitle={Graph transformations and model-driven engineering},
	pages={141--174},
	year={2010},
	publisher={Springer}
}
@inproceedings{anjorin2014modularizing,
	title={Modularizing triple graph grammars using rule refinement},
	author={Anjorin, Anthony and Saller, Karsten and Lochau, Malte and Sch{\"u}rr, Andy},
	booktitle={International Conference on Fundamental Approaches to Software Engineering},
	pages={340--354},
	year={2014},
	organization={Springer}
}

%%% Graph grammars %%%
@inproceedings{bardohl2004integrating,
	title={Integrating meta-modelling aspects with graph transformation for efficient visual language definition and model manipulation},
	author={Bardohl, Roswitha and Ehrig, Hartmut and De Lara, Juan and Taentzer, Gabriele},
	booktitle={International Conference on Fundamental Approaches to Software Engineering},
	pages={214--228},
	year={2004},
	organization={Springer}
}
@article{hermann2008typed,
	title={A typed attributed graph grammar with inheritance for the abstract syntax of UML class and sequence diagrams},
	author={Hermann, Frank and Ehrig, Hartmut and Taentzer, Gabriele},
	journal={Electronic Notes in Theoretical Computer Science},
	volume={211},
	pages={261--269},
	year={2008},
	publisher={Elsevier}
}
@incollection{hoffmann2005graph,
	title={Graph transformation with variables},
	author={Hoffmann, Berthold},
	booktitle={Formal Methods in Software and Systems Modeling},
	pages={101--115},
	year={2005},
	publisher={Springer}
}

%%% NCE %%%
@article{janssens1982graph,
	title={Graph grammars with neighbourhood-controlled embedding},
	author={Janssens, Dirk and Rozenberg, Grzegorz},
	journal={Theoretical Computer Science},
	volume={21},
	number={1},
	pages={55--74},
	year={1982},
	publisher={Elsevier}
}
@inproceedings{skodinis1998neighborhood,
	title={Neighborhood-preserving node replacements},
	author={Skodinis, Konstantin and Wanke, Egon},
	booktitle={International Workshop on Theory and Application of Graph Transformations},
	pages={45--58},
	year={1998},
	organization={Springer}
}
@article{kim2001efficient,
	title={Efficient recognition algorithms for boundary and linear eNCE graph languages},
	author={Kim, Changwook},
	journal={Acta informatica},
	volume={37},
	number={9},
	pages={619--632},
	year={2001},
	publisher={Springer}
}
@article{brandenburg2005finite,
	title={Finite graph automata for linear and boundary graph languages},
	author={Brandenburg, Franz-Josef and Skodinis, Konstantin},
	journal={Theoretical Computer Science},
	volume={332},
	number={1-3},
	pages={199--232},
	year={2005},
	publisher={Elsevier}
}

%%% NLC %%%
@article{rozenberg1986boundary,
	title={Boundary NLC graph grammarsâ€”basic definitions, normal forms, and complexity},
	author={Rozenberg, Grzegorz and Welzl, Emo},
	journal={Information and Control},
	volume={69},
	number={1-3},
	pages={136--167},
	year={1986},
	publisher={Elsevier}
}
@article{flasinski1993parsing,
	title={On the parsing of deterministic graph languages for syntactic pattern recognition},
	author={Flasi{\'n}ski, Mariusz},
	journal={Pattern Recognition},
	volume={26},
	number={1},
	pages={1--16},
	year={1993},
	publisher={Elsevier}
}
@inproceedings{flasinski2014characteristics,
	title={Characteristics of bottom-up parsable edNLC graph languages for syntactic pattern recognition},
	author={Flasi{\'n}ski, Mariusz and Flasi{\'n}ska, Zofia},
	booktitle={International Conference on Computer Vision and Graphics},
	pages={195--202},
	year={2014},
	organization={Springer}
}
@article{wanke1991algorithms,
	title={Algorithms for graph problems on BNLC structured graphs},
	author={Wanke, Egon},
	journal={Information and Computation},
	volume={94},
	number={1},
	pages={93--122},
	year={1991},
	publisher={Elsevier}
}
@article{flasinski1998power,
	title={Power properties of NLC graph grammars with a polynomial membership problem},
	author={Flasi{\'n}ski, M},
	journal={Theoretical Computer Science},
	volume={201},
	number={1-2},
	pages={189--231},
	year={1998},
	publisher={Elsevier}
}
@article{kim2012structure,
	title={On the structure of linear apex NLC graph grammars},
	author={Kim, Changwook},
	journal={Theoretical Computer Science},
	volume={438},
	pages={28--33},
	year={2012},
	publisher={Elsevier}
}