%%% Algebraic Approach %%%
@book{ehrig1999handbook,
	title={Handbook of graph grammars and computing by graph transformation},
	author={Ehrig, Hartmut and Rozenberg, Grzegorz and Kreowski, Hans-J and Montanari, Ugo},
	volume={3},
	year={1999},
	publisher={World Scientific},
	doi={10.1142/3303}
}

%%% LGG %%%
@article{rekers1997defining,
	title={Defining and parsing visual languages with layered graph grammars},
	author={Rekers, Jan and Sch{\"u}rr, Andy},
	journal={Journal of Visual Languages \& Computing},
	volume={8},
	number={1},
	pages={27--55},
	year={1997},
	publisher={Academic Press},
	doi={10.1006/jvlc.1996.0027}
}
@inproceedings{bottoni2000efficient,
	title={Efficient parsing of visual languages based on critical pair analysis and contextual layered graph transformation},
	author={Bottoni, Paolo and Taentzer, Gabriele and Schurr, A},
	booktitle={Proceeding 2000 IEEE International Symposium on Visual Languages},
	pages={59--60},
	year={2000},
	organization={IEEE},
	doi={10.1109/VL.2000.874351}
}
@inproceedings{rekers1995graph,
	title={A graph grammar approach to graphical parsing},
	author={Rekers, Jan and Schurr, A},
	booktitle={Proceedings of Symposium on Visual Languages},
	pages={195--202},
	year={1995},
	organization={IEEE},
	doi={10.1109/VL.1995.520809}
}
@article{furst2011improving,
	title={Improving the graph grammar parser of Rekers and Sch{\"u}rr},
	author={F{\"u}rst, Luka and Mernik, Marjan and Mahni{\v{c}}, Viljan},
	journal={IET software},
	volume={5},
	number={2},
	pages={246--261},
	year={2011},
	publisher={IET},
	doi={10.1049/iet-sen.2010.0081}
}

%%% RGG %%%
@article{zhang2001context,
	title={A context-sensitive graph grammar formalism for the specification of visual languages},
	author={Zhang, Da-Qian and Zhang, Kang and Cao, Jiannong},
	journal={The Computer Journal},
	volume={44},
	number={3},
	pages={186--200},
	year={2001},
	publisher={Oxford University Press},
	doi={10.1093/comjnl/44.3.186}
}
@inproceedings{zeng2005rgg+,
	title={RGG+: An enhancement to the reserved graph grammar formalism},
	author={Zeng, Xiaoqin and Zhang, Kang and Kong, Jun and Song, Guang-Lei},
	booktitle={2005 IEEE Symposium on Visual Languages and Human-Centric Computing},
	pages={272--274},
	year={2005},
	organization={IEEE},
	doi={10.1109/VLHCC.2005.56}
}
@inproceedings{zou2017partial,
	title={Partial precedence of context-sensitive graph grammars},
	author={Zou, Yang and Zeng, Xiaoqin and Liu, Yufeng and Liu, Huiyi},
	booktitle={Proceedings of the 10th International Symposium on Visual Information Communication and Interaction},
	pages={16--23},
	year={2017},
	organization={ACM},
	doi={10.1145/3105971.3105983}
}


%%% TGG %%%
@inproceedings{schurr1994specification,
	title={Specification of graph translators with triple graph grammars},
	author={Sch{\"u}rr, Andy},
	booktitle={International Workshop on Graph-Theoretic Concepts in Computer Science},
	pages={151--163},
	year={1994},
	organization={Springer},
	doi={10.1007/3-540-59071-4\_45}
}
@article{anjorin201620,
	title={20 Years of Triple Graph Grammars: A Roadmap for Future Research},
	author={Anjorin, Anthony and Leblebici, Erhan and Sch{\"u}rr, Andy},
	journal={Electronic Communications of the EASST},
	volume={73},
	year={2016},
	doi={10.14279/tuj.eceasst.73.1031}
}
@incollection{klar2010extended,
	title={Extended triple graph grammars with efficient and compatible graph translators},
	author={Klar, Felix and Lauder, Marius and K{\"o}nigs, Alexander and Sch{\"u}rr, Andy},
	booktitle={Graph transformations and model-driven engineering},
	pages={141--174},
	year={2010},
	publisher={Springer},
	doi={10.1007/978-3-642-17322-6\_8}
}
@inproceedings{anjorin2014modularizing,
	title={Modularizing triple graph grammars using rule refinement},
	author={Anjorin, Anthony and Saller, Karsten and Lochau, Malte and Sch{\"u}rr, Andy},
	booktitle={International Conference on Fundamental Approaches to Software Engineering},
	pages={340--354},
	year={2014},
	organization={Springer},
	doi={10.1007/978-3-642-54804-8\_24}
}

%%% Graph grammars %%%
@inproceedings{bardohl2004integrating,
	title={Integrating meta-modelling aspects with graph transformation for efficient visual language definition and model manipulation},
	author={Bardohl, Roswitha and Ehrig, Hartmut and De Lara, Juan and Taentzer, Gabriele},
	booktitle={International Conference on Fundamental Approaches to Software Engineering},
	pages={214--228},
	year={2004},
	organization={Springer},
	doi={10.1007/978-3-540-24721-0\_16}
}
@article{hermann2008typed,
	title={A typed attributed graph grammar with inheritance for the abstract syntax of {UML} class and sequence diagrams},
	author={Hermann, Frank and Ehrig, Hartmut and Taentzer, Gabriele},
	journal={Electronic Notes in Theoretical Computer Science},
	volume={211},
	pages={261--269},
	year={2008},
	publisher={Elsevier},
	doi={10.1016/j.entcs.2008.04.048}
}
@incollection{hoffmann2005graph,
	title={Graph transformation with variables},
	author={Hoffmann, Berthold},
	booktitle={Formal Methods in Software and Systems Modeling},
	pages={101--115},
	year={2005},
	publisher={Springer},
	doi={10.1007/978-3-540-31847-7\_6}
}

%%% NCE %%%
@article{janssens1982graph,
	title={Graph grammars with neighbourhood-controlled embedding},
	author={Janssens, Dirk and Rozenberg, Grzegorz},
	journal={Theoretical Computer Science},
	volume={21},
	number={1},
	pages={55--74},
	year={1982},
	publisher={Elsevier},
	doi={10.1016/0304-3975(82)90088-3}
}
@inproceedings{skodinis1998neighborhood,
	title={Neighborhood-preserving node replacements},
	author={Skodinis, Konstantin and Wanke, Egon},
	booktitle={International Workshop on Theory and Application of Graph Transformations},
	pages={45--58},
	year={1998},
	organization={Springer},
	doi={10.1007/978-3-540-46464-8\_4}
}
@article{kim2001efficient,
	title={Efficient recognition algorithms for boundary and linear {eNCE} graph languages},
	author={Kim, Changwook},
	journal={Acta informatica},
	volume={37},
	number={9},
	pages={619--632},
	year={2001},
	publisher={Springer},
	doi={10.1007/PL00013320}
}
@article{brandenburg2005finite,
	title={Finite graph automata for linear and boundary graph languages},
	author={Brandenburg, Franz-Josef and Skodinis, Konstantin},
	journal={Theoretical Computer Science},
	volume={332},
	number={1-3},
	pages={199--232},
	year={2005},
	publisher={Elsevier},
	doi={10.1016/j.tcs.2004.09.040}
}

%%% NLC %%%
@article{rozenberg1986boundary,
	title={Boundary {NLC} graph grammarsâ€”basic definitions, normal forms, and complexity},
	author={Rozenberg, Grzegorz and Welzl, Emo},
	journal={Information and Control},
	volume={69},
	number={1-3},
	pages={136--167},
	year={1986},
	publisher={Elsevier},
	doi={10.1016/S0019-9958(86)80045-6}
}
@article{flasinski1993parsing,
	title={On the parsing of deterministic graph languages for syntactic pattern recognition},
	author={Flasi{\'n}ski, Mariusz},
	journal={Pattern Recognition},
	volume={26},
	number={1},
	pages={1--16},
	year={1993},
	publisher={Elsevier},
	doi={10.1016/0031-3203(93)90083-9}
}
@inproceedings{flasinski2014characteristics,
	title={Characteristics of bottom-up parsable {edNLC} graph languages for syntactic pattern recognition},
	author={Flasi{\'n}ski, Mariusz and Flasi{\'n}ska, Zofia},
	booktitle={International Conference on Computer Vision and Graphics},
	pages={195--202},
	year={2014},
	organization={Springer},
	doi={10.1007/978-3-319-11331-9\_24}
}
@article{wanke1991algorithms,
	title={Algorithms for graph problems on {BNLC} structured graphs},
	author={Wanke, Egon},
	journal={Information and Computation},
	volume={94},
	number={1},
	pages={93--122},
	year={1991},
	publisher={Elsevier},
	doi={10.1016/0890-5401(91)90035-Z}
}
@article{flasinski1998power,
	title={Power properties of {NLC} graph grammars with a polynomial membership problem},
	author={Flasi{\'n}ski, M},
	journal={Theoretical Computer Science},
	volume={201},
	number={1-2},
	pages={189--231},
	year={1998},
	publisher={Elsevier},
	doi={10.1016/S0304-3975(97)00212-0}
}
@article{kim2012structure,
	title={On the structure of linear apex {NLC} graph grammars},
	author={Kim, Changwook},
	journal={Theoretical Computer Science},
	volume={438},
	pages={28--33},
	year={2012},
	publisher={Elsevier},
	doi={10.1016/j.tcs.2012.02.038}
}

%%% HRG %%%
@incollection{drewes1997hyperedge,
	title={Hyperedge replacement graph grammars},
	author={Drewes, Frank and Kreowski, H-J and Habel, Annegret},
	booktitle={Handbook Of Graph Grammars And Computing By Graph Transformation: Volume 1: Foundations},
	pages={95--162},
	year={1997},
	publisher={World Scientific},
	doi={10.1142/9789812384720\_0002}
}
@inproceedings{drewes2015predictive,
	title={Predictive top-down parsing for hyperedge replacement grammars},
	author={Drewes, Frank and Hoffmann, Berthold and Minas, Mark},
	booktitle={International Conference on Graph Transformation},
	pages={19--34},
	year={2015},
	organization={Springer},
	doi={10.1007/978-3-319-21145-9\_2}
}
@inproceedings{drewes2017predictive,
	title={Predictive shift-reduce parsing for hyperedge replacement grammars},
	author={Drewes, Frank and Hoffmann, Berthold and Minas, Mark},
	booktitle={International Conference on Graph Transformation},
	pages={106--122},
	year={2017},
	organization={Springer},
	doi={10.1007/978-3-319-61470-0\_7}
}
@article{engelfiet1990comparison,
	title={A comparison of boundary graph grammars and context-free hypergraph grammars},
	author={Engelfiet, Joost and Rozenberg, Grzegorz},
	journal={Information and Computation},
	volume={84},
	number={2},
	pages={163--206},
	year={1990},
	publisher={Elsevier},
	doi={10.1016/0890-5401(90)90038-J}
}