%%% Algebraic Approach %%%
@book{ehrig1999handbook,
  title={Handbook of graph grammars and computing by graph transformation},
  author={Ehrig, Hartmut and Rozenberg, Grzegorz and Kreowski, Hans-J and Montanari, Ugo},
  volume={3},
  year={1999},
  publisher={World Scientific}
}

%%% HRG %%%
@incollection{drewes1997hyperedge,
	title={Hyperedge replacement graph grammars},
	author={Drewes, Frank and Kreowski, H-J and Habel, Annegret},
	booktitle={Handbook Of Graph Grammars And Computing By Graph Transformation: Volume 1: Foundations},
	pages={95--162},
	year={1997},
	publisher={World Scientific}
}
@inproceedings{drewes2015predictive,
	title={Predictive top-down parsing for hyperedge replacement grammars},
	author={Drewes, Frank and Hoffmann, Berthold and Minas, Mark},
	booktitle={International Conference on Graph Transformation},
	pages={19--34},
	year={2015},
	organization={Springer}
}
@inproceedings{drewes2017predictive,
	title={Predictive shift-reduce parsing for hyperedge replacement grammars},
	author={Drewes, Frank and Hoffmann, Berthold and Minas, Mark},
	booktitle={International Conference on Graph Transformation},
	pages={106--122},
	year={2017},
	organization={Springer}
}
@inproceedings{bjorklund2016between,
	title={Between a rock and a hard place--uniform parsing for hyperedge replacement {DAG} grammars},
	author={Bj{\"o}rklund, Henrik and Drewes, Frank and Ericson, Petter},
	booktitle={International Conference on Language and Automata Theory and Applications},
	pages={521--532},
	year={2016},
	organization={Springer}
}
@inproceedings{chiang2013parsing,
	title={Parsing graphs with hyperedge replacement grammars},
	author={Chiang, David and Andreas, Jacob and Bauer, Daniel and Hermann, Karl Moritz and Jones, Bevan and Knight, Kevin},
	booktitle={Proceedings of the 51st Annual Meeting of the Association for Computational Linguistics (Volume 1: Long Papers)},
	volume={1},
	pages={924--932},
	year={2013}
}
@article{minas2006syntax,
	title={Syntax definition with graphs},
	author={Minas, Mark},
	journal={Electronic Notes in Theoretical Computer Science},
	volume={148},
	number={1},
	pages={19--40},
	year={2006},
	publisher={Elsevier}
}
@inproceedings{engelfriet1998tree,
	title={Tree languages generated by context-free graph grammars},
	author={Engelfriet, Joost and Maneth, Sebastian},
	booktitle={International Workshop on Theory and Application of Graph Transformations},
	pages={15--29},
	year={1998},
	organization={Springer}
}

%%% LGG %%%
@article{rekers1997defining,
	title={Defining and parsing visual languages with layered graph grammars},
	author={Rekers, Jan and Sch{\"u}rr, Andy},
	journal={Journal of Visual Languages \& Computing},
	volume={8},
	number={1},
	pages={27--55},
	year={1997},
	publisher={Academic Press}
}
@inproceedings{bottoni2000efficient,
	title={Efficient parsing of visual languages based on critical pair analysis and contextual layered graph transformation},
	author={Bottoni, Paolo and Taentzer, Gabriele and Schurr, A},
	booktitle={Proceeding 2000 IEEE International Symposium on Visual Languages},
	pages={59--60},
	year={2000},
	organization={IEEE}
}
@inproceedings{rekers1995graph,
	title={A graph grammar approach to graphical parsing},
	author={Rekers, Jan and Schurr, A},
	booktitle={Proceedings of Symposium on Visual Languages},
	pages={195--202},
	year={1995},
	organization={IEEE}
}
@article{furst2011improving,
	title={Improving the graph grammar parser of Rekers and Sch{\"u}rr},
	author={F{\"u}rst, Luka and Mernik, Marjan and Mahni{\v{c}}, Viljan},
	journal={IET software},
	volume={5},
	number={2},
	pages={246--261},
	year={2011},
	publisher={IET}
}

%%% RGG %%%
@article{zhang2001context,
	title={A context-sensitive graph grammar formalism for the specification of visual languages},
	author={Zhang, Da-Qian and Zhang, Kang and Cao, Jiannong},
	journal={The Computer Journal},
	volume={44},
	number={3},
	pages={186--200},
	year={2001},
	publisher={Oxford University Press}
}
@inproceedings{zeng2005rgg+,
	title={{RGG+}: An enhancement to the reserved graph grammar formalism},
	author={Zeng, Xiaoqin and Zhang, Kang and Kong, Jun and Song, Guang-Lei},
	booktitle={005 IEEE Symposium on Visual Languages and Human-Centric Computing},
	pages={272--274},
	year={2005},
	organization={IEEE}
}
@inproceedings{zou2017partial,
	title={Partial precedence of context-sensitive graph grammars},
	author={Zou, Yang and Zeng, Xiaoqin and Liu, Yufeng and Liu, Huiyi},
	booktitle={Proceedings of the 10th International Symposium on Visual Information Communication and Interaction},
	pages={16--23},
	year={2017},
	organization={ACM}
}

%%% NLC %%%
@article{rozenberg1986boundary,
	title={Boundary {NLC} graph grammarsâ€”basic definitions, normal forms, and complexity},
	author={Rozenberg, Grzegorz and Welzl, Emo},
	journal={Information and Control},
	volume={69},
	number={1-3},
	pages={136--167},
	year={1986},
	publisher={Elsevier}
}
@article{flasinski1993parsing,
	title={On the parsing of deterministic graph languages for syntactic pattern recognition},
	author={Flasi{\'n}ski, Mariusz},
	journal={Pattern Recognition},
	volume={26},
	number={1},
	pages={1--16},
	year={1993},
	publisher={Elsevier}
}
@inproceedings{flasinski2014characteristics,
	title={Characteristics of bottom-up parsable {edNLC} graph languages for syntactic pattern recognition},
	author={Flasi{\'n}ski, Mariusz and Flasi{\'n}ska, Zofia},
	booktitle={International Conference on Computer Vision and Graphics},
	pages={195--202},
	year={2014},
	organization={Springer}
}
@article{wanke1991algorithms,
	title={Algorithms for graph problems on {BNLC} structured graphs},
	author={Wanke, Egon},
	journal={Information and Computation},
	volume={94},
	number={1},
	pages={93--122},
	year={1991},
	publisher={Elsevier}
}
@article{flasinski1998power,
	title={Power properties of {NLC} graph grammars with a polynomial membership problem},
	author={Flasi{\'n}ski, M},
	journal={Theoretical Computer Science},
	volume={201},
	number={1-2},
	pages={189--231},
	year={1998},
	publisher={Elsevier}
}
@article{kim2012structure,
	title={On the structure of linear apex {NLC} graph grammars},
	author={Kim, Changwook},
	journal={Theoretical Computer Science},
	volume={438},
	pages={28--33},
	year={2012},
	publisher={Elsevier}
}

%%% NCE %%%
@article{janssens1982graph,
	title={Graph grammars with neighbourhood-controlled embedding},
	author={Janssens, Dirk and Rozenberg, Grzegorz},
	journal={Theoretical Computer Science},
	volume={21},
	number={1},
	pages={55--74},
	year={1982},
	publisher={Elsevier}
}
@inproceedings{skodinis1998neighborhood,
	title={Neighborhood-preserving node replacements},
	author={Skodinis, Konstantin and Wanke, Egon},
	booktitle={International Workshop on Theory and Application of Graph Transformations},
	pages={45--58},
	year={1998},
	organization={Springer}
}
@article{kim2001efficient,
	title={Efficient recognition algorithms for boundary and linear {eNCE} graph languages},
	author={Kim, Changwook},
	journal={Acta informatica},
	volume={37},
	number={9},
	pages={619--632},
	year={2001},
	publisher={Springer}
}
@article{brandenburg2005finite,
	title={Finite graph automata for linear and boundary graph languages},
	author={Brandenburg, Franz-Josef and Skodinis, Konstantin},
	journal={Theoretical Computer Science},
	volume={332},
	number={1-3},
	pages={199--232},
	year={2005},
	publisher={Elsevier}
}
@article{engelfiet1990comparison,
	title={A comparison of boundary graph grammars and context-free hypergraph grammars},
	author={Engelfiet, Joost and Rozenberg, Grzegorz},
	journal={Information and Computation},
	volume={84},
	number={2},
	pages={163--206},
	year={1990},
	publisher={Elsevier}
}


%%% Others %%%
@inproceedings{adachi1999nce,
	title={An {NCE} context-sensitive graph grammar for visual design languages},
	author={Adachi, Yoshihiro and Kobayashi, Suguru and Tsuchida, Kensei and Yaku, Takeo},
	booktitle={Visual Languages, 1999. Proceedings. 1999 IEEE Symposium on},
	pages={228--235},
	year={1999},
	organization={IEEE}
}
@inproceedings{shi2015method,
	title={A method to simplify description and implementation of Graph Grammars},
	author={Shi, Zhan and Zeng, Xiaoqin and Huang, Song and Qi, Zekun and Li, Hui and Hu, Bin and Zhang, Sainan and Liu, Yanyun and Wang, Cailing},
	booktitle={Computing, Communication and Networking Technologies (ICCCNT), 2015 6th International Conference on},
	pages={1--6},
	year={2015},
	organization={IEEE}
}
@article{drewes2010adaptive,
	title={Adaptive star grammars and their languages},
	author={Drewes, Frank and Hoffmann, Berthold and Janssens, Dirk and Minas, Mark},
	journal={Theoretical Computer Science},
	volume={411},
	number={34-36},
	pages={3090--3109},
	year={2010},
	publisher={Elsevier}
}
@article{kong2006spatial,
	title={Spatial graph grammars for graphical user interfaces},
	author={Kong, Jun and Zhang, Kang and Zeng, Xiaoqin},
	journal={ACM Transactions on Computer-Human Interaction (TOCHI)},
	volume={13},
	number={2},
	pages={268--307},
	year={2006},
	publisher={ACM}
}
@inproceedings{gilroy2017parsing,
	title={Parsing Graphs with Regular Graph Grammars},
	author={Gilroy, Sorcha and Lopez, Adam and Maneth, Sebastian},
	booktitle={Proceedings of the 6th Joint Conference on Lexical and Computational Semantics (* SEM 2017)},
	pages={199--208},
	year={2017}
}

%%% TGG %%%
@inproceedings{schurr1994specification,
	title={Specification of graph translators with triple graph grammars},
	author={Sch{\"u}rr, Andy},
	booktitle={International Workshop on Graph-Theoretic Concepts in Computer Science},
	pages={151--163},
	year={1994},
	organization={Springer}
}
@article{anjorin201620,
	title={20 Years of Triple Graph Grammars: A Roadmap for Future Research},
	author={Anjorin, Anthony and Leblebici, Erhan and Sch{\"u}rr, Andy},
	journal={Electronic Communications of the EASST},
	volume={73},
	year={2016}
}
@incollection{klar2010extended,
	title={Extended triple graph grammars with efficient and compatible graph translators},
	author={Klar, Felix and Lauder, Marius and K{\"o}nigs, Alexander and Sch{\"u}rr, Andy},
	booktitle={Graph transformations and model-driven engineering},
	pages={141--174},
	year={2010},
	publisher={Springer}
}
@inproceedings{anjorin2014modularizing,
	title={Modularizing triple graph grammars using rule refinement},
	author={Anjorin, Anthony and Saller, Karsten and Lochau, Malte and Sch{\"u}rr, Andy},
	booktitle={International Conference on Fundamental Approaches to Software Engineering},
	pages={340--354},
	year={2014},
	organization={Springer}
}
@article{Hermann2013,
	author = {Hermann, Frank and Ehrig, Hartmut and Orejas, Fernando and Czarnecki, Krzysztof and Diskin, Zinovy and Xiong, Yingfei and Gottmann, Susann and Engel, Thomas},
	journal = {Software and Systems Modeling},
	keywords = {Bidirectional model transformation,Correctness,Model synchronization,Triple graph grammars},
	number = {1},
	pages = {241--269},
	title = {{Model synchronization based on triple graph grammars: correctness, completeness and invertibility}},
	volume = {14},
	year = {2013}
}
@article{Hermann2010,
	author = {Hermann, Frank and Ehrig, Hartmut and Orejas, Fernando and Golas, Ulrike},
	journal = {Graph Transformations},
	keywords = {Confluence,Functional Behaviour,Model Transformation,Triple Graph Grammars},
	pages = {155--170},
	title = {{Formal Analysis of Functional Behaviour for Model Transformations Based on Triple Graph Grammars}},
	volume = {6372},
	year = {2010}
}

%%% Graph grammars %%%
@inproceedings{bardohl2004integrating,
	title={Integrating meta-modelling aspects with graph transformation for efficient visual language definition and model manipulation},
	author={Bardohl, Roswitha and Ehrig, Hartmut and De Lara, Juan and Taentzer, Gabriele},
	booktitle={International Conference on Fundamental Approaches to Software Engineering},
	pages={214--228},
	year={2004},
	organization={Springer}
}
@article{hermann2008typed,
	title={A typed attributed graph grammar with inheritance for the abstract syntax of {UML} class and sequence diagrams},
	author={Hermann, Frank and Ehrig, Hartmut and Taentzer, Gabriele},
	journal={Electronic Notes in Theoretical Computer Science},
	volume={211},
	pages={261--269},
	year={2008},
	publisher={Elsevier}
}
@incollection{hoffmann2005graph,
	title={Graph transformation with variables},
	author={Hoffmann, Berthold},
	booktitle={Formal Methods in Software and Systems Modeling},
	pages={101--115},
	year={2005},
	publisher={Springer}
}

%%% MISCELANEOUS %%%
@inproceedings{leblebici2014developing,
	title={Developing eMoflon with eMoflon},
	author={Leblebici, Erhan and Anjorin, Anthony and Sch{\"u}rr, Andy},
	booktitle={International Conference on Theory and Practice of Model Transformations},
	pages={138--145},
	year={2014},
	organization={Springer}
}
@article{leblebici2014comparison,
	title={A comparison of incremental triple graph grammar tools},
	author={Leblebici, Erhan and Anjorin, Anthony and Sch{\"u}rr, Andy and Hildebrandt, Stephan and Rieke, Jan and Greenyer, Joel},
	journal={Electronic Communications of the EASST},
	volume={67},
	year={2014}
}
@article{hildebrandt2013survey,
	title={A survey of triple graph grammar tools},
	author={Hildebrandt, Stephan and Lambers, Leen and Giese, Holger and Rieke, Jan and Greenyer, Joel and Sch{\"a}fer, Wilhelm and Lauder, Marius and Anjorin, Anthony and Sch{\"u}rr, Andy},
	journal={Electronic Communications of the EASST},
	volume={57},
	year={2013}
}
@article{Chomsky1959,
	author = {Chomsky, Noam},
	journal = {Information and Control},
	number = {2},
	pages = {137--167},
	title = {{On certain formal properties of grammars}},
	volume = {2},
	year = {1959}
}

