@article{ehrig2015graph,
	title={Graph and Model Transformation},
	author={Ehrig, Hartmut and Ermel, Claudia and Golas, Ulrike and Hermann, Frank},
	year={2015},
	publisher={Springer}
}
@inproceedings{gilroy2017parsing,
  title={Parsing Graphs with Regular Graph Grammars},
  author={Gilroy, Sorcha and Lopez, Adam and Maneth, Sebastian},
  booktitle={Proceedings of the 6th Joint Conference on Lexical and Computational Semantics (* SEM 2017)},
  pages={199--208},
  year={2017}
}
@book{rekers1995parsing,
  title={A parsing algorithm for context-sensitive graph grammars},
  author={Rekers, Jan and Sch{\"u}rr, A},
  year={1995},
  publisher={Rijksuniversiteit Leiden. Vakgroep Informatica}
}
@article{rekers1997defining,
  title={Defining and parsing visual languages with layered graph grammars},
  author={Rekers, Jan and Sch{\"u}rr, Andy},
  journal={Journal of Visual Languages \& Computing},
  volume={8},
  number={1},
  pages={27--55},
  year={1997},
  publisher={Elsevier}
}
